<record><leader>00000cas a22000007a 4500</leader><controlfield tag="001">20768402</controlfield><controlfield tag="008">891212d19uu19uuohuwr ne      0    0eng d</controlfield><datafield ind1=" " ind2=" " tag="010"><subfield code="a">sn 89075257 </subfield></datafield><datafield ind1=" " ind2=" " tag="040"><subfield code="a">ONP</subfield><subfield code="b">eng</subfield><subfield code="c">ONP</subfield><subfield code="d">OCLCQ</subfield></datafield><datafield ind1=" " ind2=" " tag="042"><subfield code="a">msc</subfield></datafield><datafield ind1="0" ind2="0" tag="245"><subfield code="a">Point Place news.</subfield></datafield><datafield ind1=" " ind2=" " tag="260"><subfield code="a">Point Place, Ohio :</subfield><subfield code="b">M.V. Grayson</subfield></datafield><datafield ind1=" " ind2=" " tag="300"><subfield code="a">v.</subfield></datafield><datafield ind1=" " ind2=" " tag="310"><subfield code="a">Weekly</subfield></datafield><datafield ind1=" " ind2=" " tag="588"><subfield code="a">Description based on: Vol. 6, no. 2 (Mar. 9, 1961).</subfield></datafield><datafield ind1=" " ind2=" " tag="752"><subfield code="a">United States</subfield><subfield code="b">Ohio</subfield><subfield code="c">Lucas</subfield><subfield code="d">Point Place.</subfield></datafield><datafield ind1="0" ind2="0" tag="785"><subfield code="t">Toledo news</subfield><subfield code="w">(DLC)sn 89075256</subfield></datafield></record>